<record><leader>00000cas a22000007a 4500</leader><controlfield tag="001">16314387</controlfield><controlfield tag="008">870729d18581861pauwr ne      0    0eng d</controlfield><datafield ind1=" " ind2=" " tag="010"><subfield code="a">sn 87080451 </subfield></datafield><datafield ind1=" " ind2=" " tag="040"><subfield code="a">NPH</subfield><subfield code="b">eng</subfield><subfield code="c">NPH</subfield><subfield code="d">OCLCQ</subfield></datafield><datafield ind1=" " ind2=" " tag="042"><subfield code="a">msc</subfield></datafield><datafield ind1="0" ind2=" " tag="130"><subfield code="a">Weekly advance (Carbondale, Pa.)</subfield></datafield><datafield ind1="1" ind2="0" tag="245"><subfield code="a">Weekly advance.</subfield></datafield><datafield ind1="3" ind2="0" tag="246"><subfield code="a">Advance</subfield></datafield><datafield ind1="3" ind2="0" tag="246"><subfield code="a">Carbondale advance</subfield></datafield><datafield ind1=" " ind2=" " tag="260"><subfield code="a">Carbondale, Pa. :</subfield><subfield code="b">S.S. Benedict,</subfield><subfield code="c">1858-</subfield></datafield><datafield ind1=" " ind2=" " tag="300"><subfield code="a">v. ;</subfield><subfield code="c">57 cm.</subfield></datafield><datafield ind1=" " ind2=" " tag="310"><subfield code="a">Weekly</subfield></datafield><datafield ind1="0" ind2=" " tag="362"><subfield code="a">Vol. 2, no. 17 (Sept. 25, 1858)-</subfield></datafield><datafield ind1="1" ind2=" " tag="362"><subfield code="a">Ceased in May or June 1861.</subfield></datafield><datafield ind1=" " ind2=" " tag="500"><subfield code="a">Published every Saturday morning.</subfield></datafield><datafield ind1=" " ind2=" " tag="500"><subfield code="a">Editor: S.S. Benedict.</subfield></datafield><datafield ind1=" " ind2=" " tag="752"><subfield code="a">United States</subfield><subfield code="b">Pennsylvania</subfield><subfield code="c">Lackawanna</subfield><subfield code="d">Carbondale.</subfield></datafield><datafield ind1=" " ind2=" " tag="752"><subfield code="a">United States</subfield><subfield code="b">Pennsylvania</subfield><subfield code="c">Luzerne</subfield><subfield code="d">Carbondale.</subfield></datafield><datafield ind1="0" ind2="0" tag="780"><subfield code="t">Advance (Carbondale, Pa.)</subfield><subfield code="w">(DLC)sn 86053367</subfield></datafield><datafield ind1="0" ind2="0" tag="785"><subfield code="t">Carbondale weekly advance</subfield><subfield code="w">(DLC)sn 87080452</subfield></datafield><datafield ind1="1" ind2=" " tag="029"><subfield code="a">AU@</subfield><subfield code="b">000025813829</subfield></datafield></record>